% !TEX root = paper.tex
% !TEX encoding = UTF-8 Unicode

@InProceedings{2009_EACL_Albrecht_etal,
	author    = {Albrecht, Joshua S. and Hwa, Rebecca and Marai, G. Elisabeta},
	title     = {Correcting Automatic Translations through Collaborations between {MT} and Monolingual Target-Language Users},
	booktitle = {Proceedings of the 12th Conference of the European Chapter of the Association for Computational Linguistics},
	year      = {2009},
	month     = {March--April},
	pages     = {60--68},
	address   = {Athens, Greece}
}

@Article{2009_CL_Barrachina,
	author    = {Barrachina, Sergio and Bender, Oliver and Casacuberta, Francisco and
	             Civera, Jorge and Cubel, Elsa and Khadivi, Shahram and Lagarda, Antonio and
	             Ney, Hermann and Tom\'{a}s, Jes\'{u}s and Vidal, Enrique and Vilar, Juan-Miguel},
	title     = {Statistical Approaches to Computer-Assisted Translation},
	journal   = {Computational Linguistics},
	volume    = {35},
	number    = {1},
	year      = {2009},
	month     = {March},
	pages     = {3--28}
}

@InProceedings{2014_TALN_Besacier,
	author    = {Besacier, Laurent},
	title     = {Traduction automatis\'{e}e d'une oeuvre litt\'{e}raire: une \'{e}tude pilote},
	year      = {2014},
	month     = {July},
	booktitle = {Actes de 21\`{e}me Traitement Automatique des Langues Naturelles (TALN '14)},
	pages     = {389--394}
}

@InProceedings{2014_WMT_Bojar_etal,
  author    = {Bojar, Ond\v{r}ej  and  Buck, Christian  and  Federmann, Christian  and  Haddow, Barry  and  Koehn, Philipp  and  Leveling, Johannes  and  Monz, Christof  and  Pecina, Pavel  and  Post, Matt  and  Saint-Amand, Herve  and  Soricut, Radu  and  Specia, Lucia  and  Tamchyna, Ale\v{s}},
  title     = {Findings of the 2014 Workshop on Statistical Machine Translation},
  booktitle = {Proceedings of the Ninth Workshop on Statistical Machine Translation},
  month     = {June},
  year      = {2014},
  address   = {Baltimore, Maryland, USA},
  pages     = {12--58},
}


@InProceedings{2005_NIST_CallisonBurch,
	author    = {Callison-Burch, Chris},
	title     = {Linear {B} System Description for the 2005 {NIST} {MT} Evaluation Exercise},
	booktitle = {Proceedings of the NIST 2005 Machine Translation Evaluation Workshop},
	year      = {2005}
}

@InProceedings{2006_EACL_Callison_Burch,
	author = {Callison-Burch, Chris and Osborne, Miles and Koehn, Philipp},
	year={2006},
	title={Re-evaluating the Role of {BLEU} in Machine Translation Research},
	booktitle={Proceedings of the 11th Conference of the European Chapter of the Association of Computational Linguistics (EACL ’06)}, 
	pages={249–256}, 
	address={Oslo, Norway}
}

@InProceedings{2012_AMTA_Denkowski_Lavie,
	author      = {Denkowski, Michael and Lavie, Alon},
	title       = {{TransCenter}: Web-Based Translation Research Suite},
	booktitle   = {Proceedings of the AMTA 2012 Workshop on Post-Editing Technology
	               and Practice Demo Session},
	year        = {2012},
	month       = {November}
}

@Article{2011_MT_Forcada,
	author = {Forcada, Mikel and Ginest\'{i}-Rosell, Mireia and Nordfalk, Jacob and O'Regan, Jim and Ortiz-Rojas, Sergio and P\'{e}rez-Ortiz, Juan Antonio and S\'{a}nchez-Mart\'{i}nez, Felipe and Ram\'{i}rez-S\'{a}nchez, Gema and Tyers, Francis},
	title={Apertium: a free/open-source platform for rule-based machine translation},
	journal={Machine Translation},
	volume={25},
	number={2},
	year={2011},
	pages={127--144}
}


@InProceedings{2013_CHI_Green_etal,
	author    = {Green, Spence and Heer, Jeffrey and Manning, Christopher D.},
	title     = {The Efficacy of Human Post-Editing for Language Translation},
	booktitle = {Proceedings of the {ACM SIGCHI} Conference on Human Factors in Computing Systems
	             (CHI '13)},
	year      = {2013},
	month     = {April--May},
	pages     = {439--448},
	address   = {Paris, France}
}

@MISC{2014_URL_GoogleTranslate,
	author = {Google},
	title  = {{G}oogle {T}ranslate},
	month  = {July},
	year   = {2014},
	note   = {\url{http://translate.google.com}}
}

@TechReport{1980_PARC_Kay,
	author = {Kay, Martin},
	title  = {The Proper Place of Men and Machines in Language Translation},
	institution = {Xerox PARC},
	year   = {1980},
	month  = {October},
	number = {CSL-80-11},
	address = {Palo Alto, California},
	note = {Reprinted in \textit{Machine Translation}, 12(1--2):3--23, 1997.}
}


@InProceedings{2013_IWSLT_Kazi_etal,
  author    = {Kazi, Michaeel and Coury, Michael and Salesky, Elizabeth and 
               Ray, Jessica and Shen, Wade and Gleason, Terry and
               Anderson, Tim and Erdmann, Grant and Schwartz, Lane and
               Ore, Brian and Slyh, Raymond and Gwinnup, Jeremy and 
               Young, Katherine and Hutt, Michael},
  title     = {The {MIT}-{LL}/{AFRL} {IWSLT}-2013 {MT} System},
  booktitle = {The 10th International Workshop on Spoken Language Translation
               (IWSLT'13)},
  address   = {Heidelberg, Germany},
  month     = {December},
  year      = {2013},
  pages     = {136--143}
}


@InProceedings{2009_ACL_Koehn,
	author    = {Koehn, Philipp},
	title     = {A Web-Based Interactive Computer Aided Translation Tool},
	booktitle = {Proceedings of the ACL-IJCNLP 2009 Software Demonstrations},
	year      = {2009},
	month     = {August},
	address   = {Suntec, Singapore},
	pages     = {17--20}
}

@InProceedings{2007_ACL_Koehn,
	author    = {Koehn, Philipp and Hieu Hoang and Alexandra Birch and
                 Chris Callison-Burch and Marcello Federico and
                 Nicola Bertoldi and Brooke Cowan and Wade Shen and
                 Christine Moran and Richard Zens and Chris Dyer and
                 Ond\v{r}ej Bojar and Alexandra Constantin and Evan Herbst},
	booktitle = {Proceedings of the 45th Annual Meeting of the Association for Computational Linguistics (ACL '07) Demo and Poster Sessions},
	title     = {Moses: Open Source Toolkit for Statistical Machine Translation},
	month     = {June},
	year      = {2007},
	address   = {Prague, Czech Republic},
	pages     = {177--180},
	url       = {http://www.aclweb.org/anthology/P07-2045}
}

@Article{2009_MT_Koehn,
	author    = {Koehn, Philipp},
	title     = {A Process Study of Computer Aided Translation},
	journal   = {Machine Translation},
	year      = {2009},
	month     = {November},
	volume    = {23},
	number    = {4},
	publisher = {Springer Netherlands},
	pages     = {241--263}
}

@InProceedings{2010_NAACL_Koehn,
	author    = {Koehn, Philipp},
	title     = {Enabling Monolingual Translators: Post-Editing vs. Options},
	booktitle = {Human Language Technologies: 
	             The 2010 Annual Conference of the North American Chapter of the Association for Computational Linguistics},
	year      = {2010},
	month     = {June},
	pages     = {537--545},
	address   = {Los Angeles, California}
}

@InCollection{2014_Lacruz_Shreve,
	author = {Lacruz, Isabel and Shreve, Gregory},
	title  = {Pauses and cognitive effort in post-editing},
	booktitle = {Post-Editing: Processes, technology and applications},
	year   = {2014},
	editor = {O’Brien, Sharon and Balling, Laura Winther and Carl, Michael and Simard, Michel and Specia, Lucia},
	pages  = {246-272},
}

@InProceedings{2014_AMTA_Lacruz_etal,
	author  = {Lacruz, Isabel and Denkowski, Michael and Lavie, Alon},
	year    = {2014}, 
	title   = {Cognitive demand and cognitive effort in post-editing},
	booktitle = {Proceedings of the AMTA 2014 Workshop on Post-Editing Technology and Practice},
	pages   = {73--84}
}

@InProceedings{2012_AMTA_Koponen_etal,
  author =       {Maarit Koponen and Wilker Aziz and Luciana Ramos and Lucia Specia},
  title =        {Post-editing time as a measure of cognitive effort},
  booktitle =    {AMTA 2012 Workshop on Post-Editing Technology and Practice},
  series = "WPTP",
  pages =        {11--20},
  year =         2012,
  address =      {San Diego, USA}
}

@InProceedings{2000_NAACL_Langlais_etal,
	author    = {Langlais, Philippe and Foster, George and Lapalme, Guy},
	title     = {{TransType}: A Computer-Aided Translation Typing System},
	booktitle = {Proceedings of the ANLP/NAACL 2000 Workshop on Embedded Machine Translation Systems},
	year      = {2000},
	month     = {May},
	address   = {Seattle, Washington},
	pages     = {46--51}
}

@InProceedings{2013_WPTP_Mitchell_etal,
	author    = {Mitchell, Linda and Roturier, Johann and O'Brien, Sharon},
	title     = {Community-based post-editing of machine translation content: 
	             monolingual vs. bilingual},
	booktitle = {Proceedings of the 2nd Workshop on Post-editing Technology and Practice (WPTP-2)},
	year      = {2013},
	month     = {September},
	address   = {Nice, France},
	pages     = {35--43},
	publisher = {EAMT}
}

@TechReport{2014_Scala_Odersky,
	author    = {Odersky, Martin},
	title     = {The {Scala} Language Specification, Version 2.9},
	institution = {EPFL Programming Methods Laboratory},
	year      = {2014},
	address   = {Lausanne, Switzerland}
}


@InProceedings{2002_ACL_Papineni_etal,
	author    = {Papineni, Kishore and Roukos, Salim and Ward, Todd and Zhu, Wei-Jing},
	title     = {{BLEU}: A Method for Automatic Evaluation of Machine Translation},
	booktitle = {Proceedings of the 40th Annual Meeting of the Association for Computational Linguistics (ACL '02)},
	year      = {2002},
	month     = {July},
	address   = {Philadelphia, Pennsylvania},
	pages     = {311--318}
}

@Article{2010_PBML_Plitt_Masselot,
	author    = {Plitt, Mirko and Masselot, Fran\c{c}ois},
	title     = {A Productivity Test of Statistical Machine Translation Post-Editing
	             in a Typical Localisation Context},
	journal   = {The Prague Bulletin of Mathematical Linguistics},
	volume    = {93},
	year      = {2010},
	month     = {January},
	pages     = {7--16}
}

@InProceedings{2014_WMT_Schwartz_etal,
	author    = {Schwartz, Lane and Anderson, Timothy and Gwinnup, Jeremy and Young, Katherine M.},
	title     = {Machine Translation and Monolingual Postediting: The {AFRL} {WMT}-14 System},
	booktitle = {Proceedings of the Ninth Workshop on Statistical Machine Translation},
	month     = {June},
	year      = {2014},
	pages     = {186--194},
	address   = {Baltimore, Maryland},
	publisher = {Association for Computational Linguistics}
}

@InProceedings{2014_WPTP_Schwartz,
  author    = {Schwartz, Lane},
  title     = {Monolingual Post-Editing by a Domain Expert is Highly Effective for Translation Triage},
  booktitle = {Proceedings of the The Third Workshop on Post-editing Technology and Practice},
  month     = {October},
  year      = {2014},
  address   = {Vancouver, Canada}
}

@MISC{2010_URL_Systran,
	author = {Systran},
	title  = {{S}ystran Server 7.4.2},
	year   = {2010},
	note   = {\url{http://www.systransoft.com}}
}

@InProceedings{2012_WPTP_Zhechev,
  author =       {Ventsislav Zhechev},
  title =        {{Machine Translation Infrastructure and Post-editing Performance at Autodesk}},
  booktitle =    {AMTA 2012 Workshop on Post-Editing Technology and Practice (WPTP 2012)},
  pages =        {87--96},
  year =         2012,
  address =      {San Diego, USA},
  month =        {October},
  organization = {Association for Machine Translation in the Americas (AMTA)},
}

@Article{1945_Wilcoxon,
	author = {Wilcoxon, Frank},
	title  = {Individual Comparisons by Ranking Methods},
	journal = {Biometrics Bulletin},
	year   = {1945},
	month  = {December},
	volume = {1},
	number = {6},
	pages  = {80--83}
}



